<?xml version="1.0" encoding="UTF-8"?>
  <record xmlns="http://www.loc.gov/MARC21/slim" type="Authority">
    <leader>00000nz  a2200000oc 4500</leader>
    <controlfield tag="001">1016241917</controlfield>
    <controlfield tag="003">DE-101</controlfield>
    <controlfield tag="005">20111018163338.0</controlfield>
    <controlfield tag="008">111018n||aznnnaabn           | aaa    |c</controlfield>
    <datafield tag="024" ind1="7" ind2=" ">
      <subfield code="a">1016241917</subfield>
      <subfield code="0">http://d-nb.info/gnd/1016241917</subfield>
      <subfield code="2">gnd</subfield>
    </datafield>
    <datafield tag="035" ind1=" " ind2=" ">
      <subfield code="a">(DE-101)1016241917</subfield>
    </datafield>
    <datafield tag="035" ind1=" " ind2=" ">
      <subfield code="a">(DE-588)1016241917</subfield>
    </datafield>
    <datafield tag="035" ind1=" " ind2=" ">
      <subfield code="z">(DE-588a)1016241917</subfield>
      <subfield code="9">v:zg</subfield>
    </datafield>
    <datafield tag="040" ind1=" " ind2=" ">
      <subfield code="a">DE-23</subfield>
      <subfield code="c">DE-23</subfield>
      <subfield code="9">r:DE-12</subfield>
      <subfield code="b">ger</subfield>
      <subfield code="d">0023</subfield>
    </datafield>
    <datafield tag="042" ind1=" " ind2=" ">
      <subfield code="a">gnd3</subfield>
    </datafield>
    <datafield tag="043" ind1=" " ind2=" ">
      <subfield code="c">XA-DE</subfield>
    </datafield>
    <datafield tag="075" ind1=" " ind2=" ">
      <subfield code="b">p</subfield>
      <subfield code="2">gndgen</subfield>
    </datafield>
    <datafield tag="075" ind1=" " ind2=" ">
      <subfield code="b">piz</subfield>
      <subfield code="2">gndspec</subfield>
    </datafield>
    <datafield tag="079" ind1=" " ind2=" ">
      <subfield code="a">g</subfield>
      <subfield code="q">a</subfield>
      <subfield code="q">f</subfield>
    </datafield>
    <datafield tag="100" ind1="1" ind2=" ">
      <subfield code="a">Hucking, Wilhelm Albert &#152;von&#156;</subfield>
      <subfield code="d">1626-1628</subfield>
    </datafield>
    <datafield tag="375" ind1=" " ind2=" ">
      <subfield code="a">1</subfield>
      <subfield code="2">iso5218</subfield>
    </datafield>
    <datafield tag="400" ind1="1" ind2=" ">
      <subfield code="a">Hueking, Wilhelm Albert &#152;von&#156;</subfield>
      <subfield code="d">1626-1628</subfield>
    </datafield>
    <datafield tag="400" ind1="1" ind2=" ">
      <subfield code="a">Hüking, Wilhelm Albert &#152;von&#156;</subfield>
      <subfield code="d">1626-1628</subfield>
    </datafield>
    <datafield tag="400" ind1="1" ind2=" ">
      <subfield code="a">Huecking, Wilhelm Albert &#152;von&#156;</subfield>
      <subfield code="d">1626-1628</subfield>
    </datafield>
    <datafield tag="400" ind1="1" ind2=" ">
      <subfield code="a">Hücking, Wilhelm Albert &#152;von&#156;</subfield>
      <subfield code="d">1626-1628</subfield>
    </datafield>
    <datafield tag="400" ind1="1" ind2=" ">
      <subfield code="a">Hoiking, Wilhelm Albert &#152;von&#156;</subfield>
      <subfield code="d">1626-1628</subfield>
    </datafield>
    <datafield tag="400" ind1="1" ind2=" ">
      <subfield code="a">Heucking, Wilhelm Albert &#152;von&#156;</subfield>
      <subfield code="d">1626-1628</subfield>
    </datafield>
    <datafield tag="400" ind1="1" ind2=" ">
      <subfield code="a">Heyking, Wilhelm Albert &#152;von&#156;</subfield>
      <subfield code="d">1626-1628</subfield>
    </datafield>
    <datafield tag="400" ind1="1" ind2=" ">
      <subfield code="a">Hucking, Wilhelm Albertus &#152;von&#156;</subfield>
      <subfield code="d">1626-1628</subfield>
    </datafield>
    <datafield tag="400" ind1="1" ind2=" ">
      <subfield code="a">Hueking, Wilhelm Albertus &#152;von&#156;</subfield>
      <subfield code="d">1626-1628</subfield>
    </datafield>
    <datafield tag="400" ind1="1" ind2=" ">
      <subfield code="a">Hüking, Wilhelm Albertus &#152;von&#156;</subfield>
      <subfield code="d">1626-1628</subfield>
    </datafield>
    <datafield tag="400" ind1="1" ind2=" ">
      <subfield code="a">Huecking, Wilhelm Albertus &#152;von&#156;</subfield>
      <subfield code="d">1626-1628</subfield>
    </datafield>
    <datafield tag="400" ind1="1" ind2=" ">
      <subfield code="a">Hücking, Wilhelm Albertus &#152;von&#156;</subfield>
      <subfield code="d">1626-1628</subfield>
    </datafield>
    <datafield tag="400" ind1="1" ind2=" ">
      <subfield code="a">Hoiking, Wilhelm Albertus &#152;von&#156;</subfield>
      <subfield code="d">1626-1628</subfield>
    </datafield>
    <datafield tag="400" ind1="1" ind2=" ">
      <subfield code="a">Heucking, Wilhelm Albertus &#152;von&#156;</subfield>
      <subfield code="d">1626-1628</subfield>
    </datafield>
    <datafield tag="400" ind1="1" ind2=" ">
      <subfield code="a">Heyking, Wilhelm Albertus &#152;von&#156;</subfield>
      <subfield code="d">1626-1628</subfield>
    </datafield>
    <datafield tag="400" ind1="1" ind2=" ">
      <subfield code="a">Hucking, Wilhelm-Albert &#152;von&#156;</subfield>
      <subfield code="d">1626-1628</subfield>
    </datafield>
    <datafield tag="400" ind1="1" ind2=" ">
      <subfield code="a">Hueking, Wilhelm-Albert &#152;von&#156;</subfield>
      <subfield code="d">1626-1628</subfield>
    </datafield>
    <datafield tag="400" ind1="1" ind2=" ">
      <subfield code="a">Hüking, Wilhelm-Albert &#152;von&#156;</subfield>
      <subfield code="d">1626-1628</subfield>
    </datafield>
    <datafield tag="400" ind1="1" ind2=" ">
      <subfield code="a">Huecking, Wilhelm-Albert &#152;von&#156;</subfield>
      <subfield code="d">1626-1628</subfield>
    </datafield>
    <datafield tag="400" ind1="1" ind2=" ">
      <subfield code="a">Hücking, Wilhelm-Albert &#152;von&#156;</subfield>
      <subfield code="d">1626-1628</subfield>
    </datafield>
    <datafield tag="400" ind1="1" ind2=" ">
      <subfield code="a">Hoiking, Wilhelm-Albert &#152;von&#156;</subfield>
      <subfield code="d">1626-1628</subfield>
    </datafield>
    <datafield tag="400" ind1="1" ind2=" ">
      <subfield code="a">Heucking, Wilhelm-Albert &#152;von&#156;</subfield>
      <subfield code="d">1626-1628</subfield>
    </datafield>
    <datafield tag="400" ind1="1" ind2=" ">
      <subfield code="a">Heyking, Wilhelm-Albert &#152;von&#156;</subfield>
      <subfield code="d">1626-1628</subfield>
    </datafield>
    <datafield tag="400" ind1="1" ind2=" ">
      <subfield code="a">Hucking, Wilhelm-Albertus &#152;von&#156;</subfield>
      <subfield code="d">1626-1628</subfield>
    </datafield>
    <datafield tag="400" ind1="1" ind2=" ">
      <subfield code="a">Hueking, Wilhelm-Albertus &#152;von&#156;</subfield>
      <subfield code="d">1626-1628</subfield>
    </datafield>
    <datafield tag="400" ind1="1" ind2=" ">
      <subfield code="a">Hüking, Wilhelm-Albertus &#152;von&#156;</subfield>
      <subfield code="d">1626-1628</subfield>
    </datafield>
    <datafield tag="400" ind1="1" ind2=" ">
      <subfield code="a">Huecking, Wilhelm-Albertus &#152;von&#156;</subfield>
      <subfield code="d">1626-1628</subfield>
    </datafield>
    <datafield tag="400" ind1="1" ind2=" ">
      <subfield code="a">Hücking, Wilhelm-Albertus &#152;von&#156;</subfield>
      <subfield code="d">1626-1628</subfield>
    </datafield>
    <datafield tag="400" ind1="1" ind2=" ">
      <subfield code="a">Hoiking, Wilhelm-Albertus &#152;von&#156;</subfield>
      <subfield code="d">1626-1628</subfield>
    </datafield>
    <datafield tag="400" ind1="1" ind2=" ">
      <subfield code="a">Heucking, Wilhelm-Albertus &#152;von&#156;</subfield>
      <subfield code="d">1626-1628</subfield>
    </datafield>
    <datafield tag="400" ind1="1" ind2=" ">
      <subfield code="a">Heyking, Wilhelm-Albertus &#152;von&#156;</subfield>
      <subfield code="d">1626-1628</subfield>
    </datafield>
    <datafield tag="548" ind1=" " ind2=" ">
      <subfield code="a">1626-1628</subfield>
      <subfield code="4">datl</subfield>
      <subfield code="4">https://d-nb.info/standards/elementset/gnd#dateOfBirthAndDeath</subfield>
      <subfield code="w">r</subfield>
      <subfield code="i">Lebensdaten</subfield>
    </datafield>
    <datafield tag="667" ind1=" " ind2=" ">
      <subfield code="a">VD-17</subfield>
    </datafield>
    <datafield tag="678" ind1=" " ind2=" ">
      <subfield code="b">Sohn von Maria von Hueking (geb. von Krachten) und Wilhelm von Hueking (Hauptmann zu Schweet und Vierraden/ auf Terpentin ... in Kur- und Lieffland)</subfield>
    </datafield>
    <datafield tag="913" ind1=" " ind2=" ">
      <subfield code="S">pnd</subfield>
      <subfield code="i">a</subfield>
      <subfield code="a">Hucking, Wilhelm Albert /von</subfield>
      <subfield code="0">(DE-588a)1016241917</subfield>
    </datafield>
  </record>
